<record><leader>00000cas a22000007a 4500</leader><controlfield tag="001">31212520</controlfield><controlfield tag="008">941003d19591961nyuwr ne      0    0eng d</controlfield><datafield ind1=" " ind2=" " tag="010"><subfield code="a">sn 95071027 </subfield></datafield><datafield ind1=" " ind2=" " tag="040"><subfield code="a">NYS</subfield><subfield code="b">eng</subfield><subfield code="c">NYS</subfield><subfield code="d">OCLCQ</subfield></datafield><datafield ind1=" " ind2=" " tag="042"><subfield code="a">msc</subfield></datafield><datafield ind1="0" ind2=" " tag="130"><subfield code="a">Observer (Massapequa Park, N.Y.)</subfield></datafield><datafield ind1="1" ind2="4" tag="245"><subfield code="a">The observer.</subfield></datafield><datafield ind1="1" ind2="3" tag="246"><subfield code="a">Farmingdale observer</subfield></datafield><datafield ind1="1" ind2="3" tag="246"><subfield code="a">Massapequan observer</subfield></datafield><datafield ind1=" " ind2=" " tag="260"><subfield code="a">Massapequa Park, L.I., N.Y. :</subfield><subfield code="b">Observer</subfield></datafield><datafield ind1=" " ind2=" " tag="300"><subfield code="a">v.</subfield></datafield><datafield ind1=" " ind2=" " tag="310"><subfield code="a">Weekly</subfield></datafield><datafield ind1="0" ind2=" " tag="362"><subfield code="a">Vol. 1, no. 1 (Dec. 9, 1959)-v. 2, no. 16 (Mar. 22, 1961).</subfield></datafield><datafield ind1=" " ind2=" " tag="500"><subfield code="a">Editor: Caroline Klesch, 1959-&lt;1961&gt;.</subfield></datafield><datafield ind1=" " ind2=" " tag="500"><subfield code="a">"A newspaper serving the Greater Massapequa and Farmingdale area."</subfield></datafield><datafield ind1=" " ind2="4" tag="651"><subfield code="a">Massapequa Park (N.Y.)</subfield><subfield code="v">Newspapers.</subfield></datafield><datafield ind1=" " ind2="4" tag="651"><subfield code="a">Farmingdale (N.Y.)</subfield><subfield code="v">Newspapers.</subfield></datafield><datafield ind1=" " ind2="4" tag="651"><subfield code="a">Massapequa (N.Y.)</subfield><subfield code="v">Newspapers.</subfield></datafield><datafield ind1=" " ind2="4" tag="651"><subfield code="a">Nassau County (N.Y.)</subfield><subfield code="v">Newspapers.</subfield></datafield><datafield ind1=" " ind2=" " tag="752"><subfield code="a">United States</subfield><subfield code="b">New York</subfield><subfield code="c">Nassau</subfield><subfield code="d">Massapequa Park.</subfield></datafield><datafield ind1="0" ind2="6" tag="785"><subfield code="t">Observer (Massapequa Park, N.Y. : Farmingdale-Bethpage ed.)</subfield><subfield code="w">(DLC)sn 95071028</subfield><subfield code="w">(OCoLC)31212928</subfield></datafield><datafield ind1="0" ind2="6" tag="785"><subfield code="t">Observer (Massapequa Park, N.Y. : Massapequa Park-Massapequa ed.)</subfield><subfield code="w">(DLC)sn 95071029</subfield><subfield code="w">(OCoLC)31212784</subfield></datafield><datafield ind1="1" ind2=" " tag="029"><subfield code="a">AU@</subfield><subfield code="b">000011544922</subfield></datafield></record>